@techreport{NIST2011,
author = {Mell, Peter M. and Grance, Timothy},
title = {SP 800-145. The NIST Definition of Cloud Computing},
year = {2011},
publisher = {National Institute of Standards & Technology},
address = {Gaithersburg, MD, USA}
}
  
