@techreport{NIST2011,
    author = {Mell, Peter M. and Grance, Timothy},
    title  = {SP 800-145. The NIST Definition of Cloud Computing},
    year   = {2011},
    publisher = {National Institute of Standards & Technology},
    address   = {Gaithersburg, MD, USA}
}

@online{SES2006,
    author = {Eric Schmidt},
    title  = { Conversation with Eric Schmidt hosted by Danny Sullivan,  Search Engine Strategies Conference},
    date   = 2006,
    month  = aug,
    day    = 9,
    url    = {https://web.archive.org/web/20191030190155/https://www.google.com/press/podium/ses2006.html},
    urldate = {2020-03-11}
}

@online{MITTR2011,
    author  = {Antonio Regalado},
    title   = {Who Coined 'Cloud Computing'?},
    date    = 2011,
    month   = oct,
    day     = 31,
    url     = {https://www.technologyreview.com/s/425970/who-coined-cloud-computing/},
    urldate = {2020-03-12}
}
