@incollection{MARINESCU201813,
title = "Chapter 2 - Cloud Service Providers and the Cloud Ecosystem",
editor = "Dan C. Marinescu",
booktitle = "Cloud Computing (Second Edition)",
publisher = "Morgan Kaufmann",
edition = "Second Edition",
pages = "13 - 49",
year = "2018",
isbn = "978-0-12-812810-7",
doi = "https://doi.org/10.1016/B978-0-12-812810-7.00002-9",
url = "http://www.sciencedirect.com/science/article/pii/B9780128128107000029",
author = "Dan C. Marinescu",
keywords = "Amazon Web Services, Infrastructure as a Service, Elastic Cloud Computing, Database as a Service, AWS Lambda Service, Availability zones, AppEngine, Microsoft Azure"
}