@techreport{NIST2011,
    author = {Mell, Peter M. and Grance, Timothy},
    title  = {SP 800-145. The NIST Definition of Cloud Computing},
    year   = {2011},
    publisher = {National Institute of Standards & Technology},
    address   = {Gaithersburg, MD, USA}
}

@online{SES2006,
    author = {Eric Schmidt},
    title  = { Conversation with Eric Schmidt hosted by Danny Sullivan,  Search Engine Strategies Conference},
    date   = 2006,
    month  = aug,
    day    = 9,
    url    = {https://web.archive.org/web/20191030190155/https://www.google.com/press/podium/ses2006.html},
    urldate = {2020-03-11}
}

@online{MITTR2011,
    author  = {Antonio Regalado},
    title   = {Who Coined 'Cloud Computing'?},
    date    = 2011,
    month   = oct,
    day     = 31,
    url     = {https://www.technologyreview.com/s/425970/who-coined-cloud-computing/},
    urldate = {2020-03-12}
}

@misc{CSA2011,
    author = {Cloud Security Alliance},
    title  = {Security guidance for critical areas of focus in cloud computing V3.0},
    date   = 2011,
    url    = {https://web.archive.org/web/20160613043220/https://cloudsecurityalliance.org/guidance/csaguide.v3.0.pdf},
    urldate = {2020-03-20}
}

@incollection{MARINESCU201813,
    title = "Chapter 2 - Cloud Service Providers and the Cloud Ecosystem",
    editor = "Dan C. Marinescu",
    booktitle = "Cloud Computing (Second Edition)",
    publisher = "Morgan Kaufmann",
    edition = "Second Edition",
    pages = "13 - 49",
    year = "2018",
    isbn = "978-0-12-812810-7",
    doi = "https://doi.org/10.1016/B978-0-12-812810-7.00002-9",
    url = "http://www.sciencedirect.com/science/article/pii/B9780128128107000029",
    author = "Dan C. Marinescu",
    keywords = "Amazon Web Services, Infrastructure as a Service, Elastic Cloud Computing, Database as a Service, AWS Lambda Service, Availability zones, AppEngine, Microsoft Azure"
}

@online{CFPvF,
    title = {How are serverless computing and Platform-as-a-Service different?},
    url   = {https://web.archive.org/web/20190520034637/https://www.cloudflare.com/learning/serverless/glossary/serverless-vs-paas/},
    urldate = {2020-03-20}
}
